<?xml version="1.0" encoding="UTF-8"?><record xmlns="http://www.loc.gov/MARC21/slim" xmlns:cinclude="http://apache.org/cocoon/include/1.0" xmlns:zs="http://www.loc.gov/zing/srw/">
  <leader>01159cz  a2200229n  4500</leader>
  <controlfield tag="001">n 2012220124</controlfield>
  <controlfield tag="003">DLC</controlfield>
  <controlfield tag="005">20130328080207.0</controlfield>
  <controlfield tag="008">120221n| azannaabn          |b aaa      </controlfield>
  <datafield tag="010" ind1=" " ind2=" ">
    <subfield code="a">n 2012220124</subfield>
  </datafield>
  <datafield tag="040" ind1=" " ind2=" ">
    <subfield code="a">DLC</subfield>
    <subfield code="b">eng</subfield>
    <subfield code="e">rda</subfield>
    <subfield code="c">DLC</subfield>
    <subfield code="d">DLC</subfield>
  </datafield>
  <datafield tag="046" ind1=" " ind2=" ">
    <subfield code="f">[1964,1965]</subfield>
    <subfield code="2">edtf</subfield>
  </datafield>
  <datafield tag="100" ind1="1" ind2=" ">
    <subfield code="a">Bakhshandahʹfard, Ḥamīd Riz̤ā,</subfield>
    <subfield code="d">1964 or 1965-</subfield>
  </datafield>
  <datafield tag="400" ind1="1" ind2=" ">
    <subfield code="a">Bakhshandah Fard, Ḥamīdʹriz̤ā,</subfield>
    <subfield code="d">1964 or 1965-</subfield>
  </datafield>
  <datafield tag="400" ind1="1" ind2=" ">
    <subfield code="w">nnea</subfield>
    <subfield code="a">Bakhshandahʹfard, Ḥamīd Riz̤ā,</subfield>
    <subfield code="d">1964 or 5-</subfield>
  </datafield>
  <datafield tag="400" ind1="1" ind2=" ">
    <subfield code="a">Bakhshande Fard, Hamidreza,</subfield>
    <subfield code="d">1964 or 1965-</subfield>
  </datafield>
  <datafield tag="400" ind1="1" ind2=" ">
    <subfield code="a">Fard, Ḥamīd Riz̤ā Bakhshandah,</subfield>
    <subfield code="d">1964 or 1965-</subfield>
  </datafield>
  <datafield tag="400" ind1="1" ind2=" ">
    <subfield code="a">Fard, Hamidreza Bakhshande,</subfield>
    <subfield code="d">1964 or 1965-</subfield>
  </datafield>
  <datafield tag="400" ind1="1" ind2=" ">
    <subfield code="a">بخشنده ‌‌فرد، حميد‌رضا</subfield>
  </datafield>
  <datafield tag="400" ind1="1" ind2=" ">
    <subfield code="a">‏بخشنده‌‌فرد، حميد رضا</subfield>
  </datafield>
  <datafield tag="667" ind1=" " ind2=" ">
    <subfield code="a">Non-Latin script references not evaluated.</subfield>
  </datafield>
  <datafield tag="670" ind1=" " ind2=" ">
    <subfield code="a">Barʹrasī-i ās̲ār-i tārīkhī-i filizī dar marammat, 2010 or 2011:</subfield>
    <subfield code="b">t.p. (حميد رضا بخشنده‌فرد = Ḥamīd Riz̤ā Bakhshandahʹfard) t.p. verso (Iranian CIP data: Bakhshandahʹfard, Ḥamīdʹriz̤ā; b. 1343 [1964 or 1965]) added t.p. (Hamidreza Bakhshande Fard [in rom.])</subfield>
  </datafield>
</record>